1800 3030
706 255 975 299 oeno&

261 361 340 399 Lib,
362 363 427 398 lx.
474 362 573 405 Quin
593 369 845 408 argumentum
866 362 976 398 huius
996 360 1083 395 libri
1104 360 1245 395 varium
1266 361 1376 397 fuerit
1402 373 1473 396 non

219 429 285 469 est,
316 417 412 470 quod
424 423 646 459 dubitemus.
691 418 856 461 Breviter
871 428 1014 460 tantum
1030 422 1472 458 commemoro-Lucilium

214 486 370 532 primum
392 487 436 521 de
458 484 721 531 orthographia
743 484 895 531 aliisque
916 487 1023 522 rebus
1039 485 1084 521 ad
1100 473 1378 531 grammaticam
1391 496 1473 531 per-

215 547 413 583 tinentibus
443 547 560 595 egisse
581 548 624 591 ¹).
670 548 859 582 Praeterea
880 559 921 582 ex
942 549 1012 583 hoc
1037 548 1133 582 libro
1160 558 1285 582 versus
1308 546 1473 581 nonnulli

215 609 426 654 afferuntur,
458 609 532 655 qui,
554 620 636 644 cum
653 609 691 644 in
705 608 752 644 iis
768 612 1025 655 argumentum
1040 610 1144 655 plane
1161 609 1341 645 diversum
1356 606 1475 642 inesse

214 672 389 715 videatur,
408 682 490 705 cum
505 671 702 716 praeceptis
717 670 793 706 illis
810 671 1004 706 cohaerere
1018 683 1090 706 non
1112 676 1274 716 possunt.
1318 669 1378 704 Ita
1394 668 1474 715 agit

215 737 321 779 poeta
336 734 380 768 de
396 737 547 778 quaestu
563 734 668 769 foedo
683 736 720 769 et
734 733 779 767 (le
794 731 965 778 avaritia3
990 733 1036 767 cf.
1055 734 1189 779 fragm.
1207 745 1262 778 ap.
1279 732 1376 767 Non.
1393 745 1420 767 s.
1439 744 1471 768 r.

214 794 380 832 Rulrum
395 796 520 840 (Deus.
536 796 584 833 fr.
599 795 664 839 IX,
680 794 756 839 22),
787 795 833 829 fr.
851 806 910 840 ap.
927 797 968 831 A.
986 795 1079 831 Gell.
1095 795 1125 839 1,
1143 796 1187 831 16
1204 796 1329 841 (Dous.
1347 795 1391 828 fr.
1409 793 1471 839 IX,

214 855 290 901 25),
321 857 368 891 fr.
386 867 441 902 ap.
459 856 552 891 Non.
568 868 597 889 s.
615 867 647 889 v.
664 855 847 891 Ramices
861 857 987 899 (Dous.
1005 857 1050 890 fr.
1066 856 1130 900 lx,
1153 856 1201 890 17
1219 856 1264 899 ²).
1310 855 1387 890 Nec
1402 867 1472 890 non

214 918 257 953 de
273 917 384 953 Saliis
400 923 436 954 et
450 916 625 953 institutis
641 916 854 962 quibusdam
868 917 1018 952 vetustis
1029 918 1137 953 verba
1148 916 1247 953 fecit.
1272 917 1328 951 cf.
1338 918 1470 963 fragm.

174 1022 178 1026 μ
213 992 269 1025 ap.
294 981 443 1015 Festum
464 993 492 1015 s.
508 980 834 1016 v..Redantrnare
854 983 890 1014 et
911 991 966 1025 ap.
989 979 1084 1013 Non.
1108 992 1135 1013 s.
1153 992 1184 1014 v.
1202 979 1473 1016 Redancruare

213 1042 339 1086 (nous.
356 1042 402 1076 fr.
419 1041 480 1085 lx,
498 1041 546 1076 28
565 1042 598 1085 ³)
627 1044 664 1075 et
684 1041 815 1087 fragm.
841 1052 897 1087 ap.
921 1040 1096 1078 Priscian.
1114 1041 1176 1086 VI,
1201 1042 1260 1087 12,
1279 1041 1329 1077 67
1343 1041 1470 1085 (Dous.

212 1104 258 1137 fr.
275 1103 341 1148 lx,
364 1103 440 1148 2⁷).
465 1122 509 1130 --
539 1103 713 1138 Videmus
738 1103 865 1148 igitur,
897 1115 1004 1148 quam
1027 1102 1166 1138 varium
1186 1102 1239 1137 'sit
1260 1103 1370 1138 huius
1385 1102 1472 1138 libri

212 1168 478 1210 argumentum.
502 1164 750 1199 Adiiciendum
762 1168 817 1199 est
828 1164 980 1208 denique
990 1164 1238 1198 testimonium
1255 1163 1472 1199 scholiastae

212 1226 258 1261 ad
279 1226 406 1260 Horat.
426 1231 492 1261 sat·
510 1226 540 1270 1,
558 1219 616 1270 10',
639 1225 686 1261 53
708 1225 859 1261 dicentis
879 1225 1063 1260 Lucilium
1087 1226 1250 1274 etiam-in
1266 1225 1362 1261 libro
1379 1237 1471 1261 nono

211 1288 303 1323 Attii
313 1300 437 1323 versus
452 1288 671 1324 emendasse.

183 1384 187 1388 ,
253 1348 335 1384 Lib.
351 1349 415 1385 xl.
452 1349 534 1383 Hoc
548 1348 586 1382 in
602 1347 695 1383 libro
711 1347 806 1384 inter
821 1347 894 1383 alia
910 1348 1020 1384 etiam
1036 1349 1224 1384 nonnullos
1240 1349 1382 1385 nobiles
1397 1349 1471 1385 Ro-

211 1422 336 1446 manos
350 1415 422 1445 non
437 1411 514 1446 sine
529 1421 660 1455 magna
676 1410 872 1446 acerbitate
887 1411 1106 1454 perstrinxit.
1153 1412 1207 1446 Cf.
1224 1413 1396 1457 fragmm.
1414 1424 1469 1458 ap.

210 1473 305 1509 Non.
322 1486 350 1509 s.
367 1485 399 1510 v.
418 1471 620 1509 Famosum
637 1473 764 1516 (Bous.
780 1471 826 1506 fr.
834 1470 899 1516 XI,
915 1472 967 1517 1),
984 1484 1012 1507 s.
1021 1483 1051 1507 v.
1069 1470 1268 1508 Damnare
1282 1474 1411 1517 (Bous.
1424 1473 1471 1509 fr.

211 1535 276 1581 xl,
300 1536 357 1580 2),
391 1549 418 1570 s.
442 1547 496 1571 vv.
527 1534 661 1572 Tricae
683 1537 720 1569 et
740 1532 901 1570 Lentum
924 1533 1050 1578 (Dous.
1068 1535 1112 1570 fr.
1129 1534 1193 1580 xl,
1216 1534 1268 1575 3).
1315 1535 1372 1571 Ad
1393 1547 1471 1571 rem

210 1608 357 1641 prorsus
384 1597 562 1631 diversam
590 1598 751 1642 spectant
777 1594 851 1629 alia
877 1595 1092 1640 fragmenta.
1140 1598 1271 1642 Aperte
1301 1598 1473 1632 nonnulla

210 1659 414 1704 fragmenta
429 1658 615 1693 referenda
630 1662 725 1701 sunt,
741 1656 779 1691 ni
794 1656 914 1702 fallor,
932 1656 977 1691 ad
993 1661 1133 1702 tempus
1148 1658 1235 1692 belli
1249 1659 1471 1704 Numantini,

211 1719 247 1754 in
264 1731 333 1764 quo
349 1718 512 1754 Lucilius
529 1730 635 1764 eques
648 1719 879 1754 militaverat.
925 1719 1113 1764 Leguntur
1130 1718 1226 1754 enim
1248 1731 1305 1765 ap.
1329 1720 1423 1755 Non.
1441 1734 1469 1755 s.

211 1793 243 1817 v.
266 1781 389 1817 Meret
409 1784 537 1824 (Bous.
560 1780 606 1817 fr.
628 1780 693 1824 XI,
716 1780 755 1825 9)
779 1780 816 1814 in
836 1782 954 1815 tribus
970 1780 1235 1825 antiquioribus
1252 1782 1470 1817 editionibus

211 1844 336 1878 verba:
374 1843 503 1878 Annos
523 1841 583 1876 his
604 1842 675 1885 (ed.
695 1842 819 1876 venet.
843 1853 875 1876 a.
900 1840 995 1877 1483
1017 1842 1101 1885 hic)
1124 1847 1209 1877 orat
1228 1848 1307 1877 eam
1324 1843 1468 1889 plures.

210 1905 322 1942 Miles
336 1904 506 1952 hyberna
518 1902 709 1940 vobiscum
724 1909 851 1940 meret.
889 1904 930 1938 In
946 1902 1029 1939 edit.
1046 1904 1227 1950 Antverp.‚
1242 1915 1351 1951 quam
1365 1916 1468 1940 cura-

210 1968 263 2003 vit
277 1966 416 2012 Iunius,
431 1966 584 2013 legitur:
611 1966 736 2001 Annos
749 1965 814 2002 Ῐιίο
829 1970 933 2001 errat
948 1966 1022 2001 iam
1033 1966 1167 2012 plures
1181 1967 1287 2003 miles
1300 1964 1469 2012 hyberna

248 2125 282 2157 ι)
299 2125 461 2159 Fragmenta
476 2124 557 2149 xvu
582 2123 617 2150 ed
634 2126 833 2158 gramm-tieem
858 2126 1024 2160 pertinentis
1040 2124 1175 2158 explicuit
1193 2123 1325 2154 Schmidt.
1366 2125 1395 2151 C.
1413 2126 1469 2152 Lu-

211 2168 273 2193 cilli
296 2169 446 2194 setim-um
463 2176 532 2200 quse
549 2169 583 2194 «le
606 2168 678 2193 libro
695 2175 767 2192 nono
791 2174 948 2202 supersunt,
970 2170 1112 2203 disposita
1129 2173 1158 2195 et
1180 2168 1329 2195 illustrate.
1371 2170 1467 2205 Progr.

211 2213 343 2245 Gymnas.
362 2212 436 2237 Frid.
457 2212 552 2239 Werd.
576 2212 668 2238 Berol.
688 2211 770 2237 1840.

246 2258 281 2289 ἱ)
299 2257 359 2282 Eue
376 2256 560 2282 libentissime
578 2259 660 2282 etiem
678 2257 773 2289 fragm.
793 2262 836 2287 ap.
854 2254 925 2281 Non.
945 2265 970 2285 s,
989 2265 1016 2282 v.
1035 2257 1159 2284 Passum
1177 2257 1281 2290 (Dous.
1301 2257 1335 2282 fr.
1349 2258 1397 2291 IX,
1412 2259 1466 2292 24)

212 2301 350 2332 referrem,
376 2301 402 2324 si
419 2308 546 2325 numerus
564 2299 629 2325 libri
647 2304 737 2325 certus
756 2303 841 2324 esset.
864 2299 947 2326 Editt.
966 2304 1039 2328 enim
1056 2302 1167 2329 Venett.
1191 2302 1293 2327 hebent
1304 2301 1370 2331 libr,
1392 2302 1468 2336 nx,

210 2346 334 2378 reliquae
350 2344 450 2369 librum
467 2344 515 2369 lx,
556 2344 648 2369 Etiam
665 2344 699 2370 «le
720 2346 882 2377 fragmento,
907 2345 979 2378 quod
997 2346 1068 2381 apud
1086 2345 1156 2371 Non.
1181 2356 1206 2375 s.
1231 2355 1258 2371 v.
1286 2345 1469 2382 componere

210 2390 313 2424 (Deus.
331 2389 367 2415 fr.
387 2388 466 2421 vm,
486 2388 519 2421 2)
540 2386 652 2422 legitur,
669 2396 716 2414 res
738 2390 843 2414 incerte
863 2392 915 2414 est.
960 2390 1026 2416 Tres
1044 2393 1114 2418 enim
1137 2393 1244 2425 priores
1267 2390 1348 2419 editt.
1371 2390 1469 2425 leg-unt

210 2434 309 2460 librum
326 2434 375 2467 lx,
394 2432 517 2466 reliquae
540 2432 589 2458 lib.
608 2432 686 2459 vlu.
728 2433 794 2460 rm
818 2433 941 2460 eiusdem
963 2434 1109 2469 fragmenti
1130 2443 1174 2469 ep.
1198 2436 1270 2463 Non.
1299 2446 1323 2463 s.
1341 2445 1370 2463 v.
1394 2436 1467 2464 Fin—

207 2485 279 2514 9ere
295 2478 396 2514 legitur
413 2480 442 2504 in
459 2479 536 2506 editt.
559 2478 669 2505 Venett.
691 2480 752 2505 sine
768 2478 834 2505 libri
850 2486 972 2513 numero,
990 2481 1021 2505 in
1037 2480 1155 2514 reliquis
1172 2489 1187 2508 e
1204 2480 1277 2508 libro
1293 2481 1343 2511 IX.

245 2523 279 2554 ι)
298 2523 340 2549 Cf.
360 2524 466 2556 Verge-
484 2523 512 2547 in
530 2522 605 2547 Mne.
624 2522 711 2549 Bhen.
735 2522 803 2557 phil.
821 2522 839 2549 l.
861 2532 886 2552 ο.
906 2532 933 2557 p.
951 2524 1079 2551 61-69.
