1800 3030
850 250 1132 293 wig&

354 367 437 390 cum
454 346 563 390 ⁴venus
571 355 874 403 tata'pers'tringit
895 357 949 396 T.-
964 357 1174 401 Allmtium3
1214 358 1259 392 cf.
1284 359 1415 402 fragm
1432 353 1490 403 ap.
1508 360 1620 394 Cicer.

354 417 398 452 de
413 416 511 453 finib.
529 415 560 462 Ι,
581 417 625 463 3,’
640 418 678 455 9.·
693 416 808 454 noua.
831 417 902 455 inc.
919 418 955 456 3.
1001 417 1206 455 Artificiose
1228 417 1411 455 interdum*
1423 429 1532 454 voces
1553 419 1622 454 lin-

355 492 450 525 guae
465 492 563 525 suae,
582 481 686 515 cuius
702 480 1013 517 accuratissimam
1028 472 1186 516 habebat
1206 479 1384 525 notitiam,
1407 480 1556 515 adhibet
1575 483 1619 525 ¹).

355 542 411 577 Cf.
429 543 538 576 Dous.
555 541 626 575 inc.
643 541 701 576 12.
747 540 869 575 Etiam
884 541 1067 587 ambiguis
1085 541 1199 576 utitur
1213 541 1406 576 vocabulis.
1439 542 1496 578 Cf.
1512 543 1620 579 Dous.

356 604 401 638 fr.
419 603 484 649 lv,
500 603 524 638 6
541 604 709 649 (Varron.
726 604 761 639 d.
777 604 818 638 L.
834 603 878 640 L.
890 603 1079 648 v11‚4⁷).

554 680 733 733 Occidunt,
752 678 857 725 Lupe,
875 675 1038 725 saperdae
1054 683 1089 713 te
1107 684 1142 713 et
1157 681 1239 713 iura
1259 682 1293 725 ¹)
1311 680 1419 714 siluri.

357 789 440 823 Huc
455 788 567 824 etiam
581 779 809 823 referendum
823 792 879 823 est·
891 782 1149 832 fragmentum,
1181 788 1275 831 quod
1295 787 1431 832 legitur
1445 788 1541 832 apud
1555 788 1623 822 Fe-

364 853 462 886 stum
478 862 509 884 s.
527 860 560 886 v.
578 849 761 895 Nequam
771 838 898 893 (Dona.
916 847 986 882 inc.
1002 848 1118 894 89)⁸).

401 913 494 948 Cum
514 910 818 966 locupletissimus
840 911 884 945 de
900 910 1020 945 sati-ra
1040 909 1228 945 Luciliana
1250 910 1355 946 testis
1371 911 1420 946 sit
1434 909 1621 954 Horatius,

356 975 400 1008 de
422 973 492 1007 hoc
512 981 627 1018 pauca
647 968 810 1007 seorsum
821 974 915 1007 sunt
936 971 1095 1006 dicenda
1141 971 1183 1005 1:
1194 969 1291 1005 enim
1307 970 1351 1005 de
1365 969 1547 1006 nonnullis
1563 982 1624 1007 su-

356 1033 513 1081 periuris
528 1032 703 1080 temporis
719 1033 835 1079 poetis
849 1033 1024 1069 iudicium
1038 1032 1137 1070 tulit.
1166 1024 1275 1068 Sunt
1296 1044 1394 1090 vero,
1426 1023 1584 1078 quibus·
1573 1044 1626 1068 m-

357 1097 504 1133 terdum
525 1095 691 1131 acerbius
712 1096 807 1131 iusto
835 1092 1054 1131 iudicavisse
1078 1087 1255 1138 videatur,
1282 1086 1395 1138 neque
1415 1104 1538 1130 omnes
1557 1094 1625 1129 viri

359 1157 457 1195 docti
472 1152 712 1205 probaverunt
734 1165 803 1202 ea,
823 1169 916 1202 quae
941 1158 982 1192 de
1004 1156 1141 1192 Lucilii
1160 1155 1261 1201 poesi
1276 1155 1379 1192 dixit.
1425 1159 1625 1202 Antequam

359 1224 483 1256 autem
501 1219 681 1254 iudicium
697 1219 847 1254 Horatii
862 1223 926 1253 aut
951 1219 1139 1255 refeilat'ur
1159 1222 1224 1253 aut
1245 1219 1429 1265 probetur,
1460 1219 1552 1254 mihi
1569 1229 1626 1253 ex-

359 1282 592 1318 amiunudum
605 1281 745 1317 videtur
757 1271 930 1325 esse,·qaa
947 1280 1125 1317 iudicandi
1141 1272 1178 1316 et
1193 1271 1576 1328 comparandiratione
1590 1280 1628 1315 in

360 1343 584 1381 recensendis
614 1341 797 1377 veteribus
821 1342 938 1388 poetis
954 1354 1040 1377 usus
1057 1343 1116 1379 sit.
1146 1333 1321 1379 -Metitur
1331 1346 1452 1378 autem
1468 1330 1630 1378 veterum

361 1412 552 1453 poetarum
574 1404 736 1439 carmina
758 1409 848 1447 arte,
879 1415 970 1448 quae
986 1417 1051 1440 suo
1066 1405 1180 1451 ipsius
1196 1408 1356 1451 tempore
1370 1403 1525 1450 vigebat.
1572 1404 1630 1438 Ita

361 1471 501 1504 factum
517 1472 583 1510 est,
600 1472 643 1501 ut
658 1467 788 1500 rudem
804 1471 837 1500 et
853 1476 982 1510 parum
997 1465 1148 1511 politam
1163 1467 1321 1501 formam
1337 1456 1498 1501 veterum
1508 1469 1631 1511 poeta-

361 1542 445 1566 rum
459 1529 692 1577 improbaret.
730 1526 826 1561 Nam
842 1526 972 1562 studiis
988 1527 1209 1562 Graecarum
1225 1527 1429 1562 litterarum
1443 1526 1631 1572 ingenium

363 1603 468 1626 suum
479 1589 685 1625 excoluerat
699 1592 737 1623 et
751 1587 948 1623 artificiosa
959 1588 1160 1622 carminum
1180 1588 1438 1635 compositione
1456 1587 1632 1622 numeris-

369 1661 438 1695 que
463 1641 658 1686 elaboratis
681 1649 903 1684 Graecorum
924 1644 1111 1693 poetarum
1126 1649 1322 1694 perspectis
1338 1661 1381 1685 ea
1395 1653 1539 1685 tautum
1553 1648 1633 1684 lau-

370 1712 490 1755 dabat,
522 1723 611 1756 quae
634 1722 716 1745 cum
732 1711 791 1746 his
808 1713 1059 1757 congruerent.
1103 1712 1297 1756 Propterea
1313 1711 1475 1748 Lucilius
1492 1722 1633 1757 quoque

371 1774 417 1809 ab
427 1772 581 1808 Horatio
596 1771 818 1818 vituperatus
834 1778 901 1810 est.
928 1773 979 1809 cf.
989 1772 1120 1811 Horat.
1138 1778 1194 1809 sat
1209 1774 1237 1817 Ι,
1252 1772 1287 1817 4,
1303 1773 1432 1810 9-12.
1447 1774 1506 1821 1⁰,
1525 1775 1631 1821 lsqq.

372 1829 422 1867 69
437 1842 514 1876 sqq·
560 1834 731 1869 Formam
749 1834 865 1879 igitur
880 1839 917 1870 et
931 1835 1100 1879 exiguam
1116 1847 1273 1881 operam,
1306 1848 1415 1880 quam
1436 1836 1475 1870 in
1490 1848 1633 1882 compo·

372 1892 498 1927 nendis
514 1895 679 1930 versibus
695 1894 896 1940 collocavit,
913 1896 1101 1942 praecipue
1112 1902 1262 1940 notat.⁴)
1296 1898 1403 1942 Quod
1413 1908 1502 1941 ‘vero
1518 1897 1564 1932 ad
1579 1896 1634 1932 in-

374 1955 523 2000 genium
553 1959 678 2003 poetae
713 1956 854 2001 attinet,
885 1957 1062 1992 Horatius
1091 1958 1222 1994 iustam
1253 1961 1397 1995 laudem
1428 1958 1462 1994 ei
1492 1959 1633 1995 tribuit.

375 2016 518 2052 Laudat
544 2018 639 2054 enim
661 2017 738 2053 eius
755 2018 869 2053 salem
884 2018 922 2052 in
937 2018 1102 2053 notandis
1116 2019 1335 2066 hominibus,
1352 2023 1409 2055 sat
1424 2020 1453 2065 1,
1470 2020 1529 2066 1⁰,
1546 2020 1581 2056 3.
1598 2020 1633 2055 4.

374 2078 527 2115 Fatetur
548 2091 587 2115 se
603 2079 741 2115 minore
762 2091 840 2115 esse
864 2078 1009 2126 ingenio
1033 2092 1141 2125 quam
1155 2081 1345 2127 Lucilium,
1370 2086 1439 2117 sat.
1454 2082 1503 2128 11,
1525 2083 1561 2128 1,
1587 2083 1636 2118 ⁷5

378 2145 414 2176 et
434 2141 531 2178 hunc
552 2141 657 2188 sequi
673 2141 711 2176 in
727 2142 979 2188 componendis
1004 2143 1236 2187 carminibus,
1260 2149 1326 2181 sat.
1350 2144 1398 2189 11,
1420 2145 1454 2189 l,
1483 2144 1635 2181 28—3o.

417 2387 451 2419 ι)
470 2387 505 2412 A.
524 2385 598 2412 oeli.
615 2386 721 2419 xvnl,
740 2387 775 2413 δι
790 2386 923 2415 Lucilius
944 2385 1020 2415 adeo
1036 2387 1084 2415 vir
1099 2386 1235 2425 adprime
1251 2389 1370 2425 linquae
1387 2389 1507 2419 latinae
1530 2390 1637 2418 sciens.

417 2432 452 2463 s)
471 2431 513 2457 Cf.
532 2430 660 2458 ras-ow.
679 2431 720 2457 sd.
740 2431 816 2458 Pers.
835 2441 864 2467 p.
882 2432 936 2459 ³4⁷
955 2440 982 2457 n.

415 2476 451 2509 ⁸)
467 2475 519 2504 Cf„
533 2475 564 2501 0.
579 2474 808 2502 Mnolloradfha
819 2477 840 2503 1.
866 2478 895 2503 in
914 2476 1059 2512 Supplms
1079 2484 1140 2503 ann.
1159 2485 1189 2511 p.
1206 2476 1271 2504 88⁷.

416 2522 450 2554 ι)
469 2520 511 2546 Cf.
530 2520 681 2548 Wcicbert.
700 2521 808 2548 root-r.
826 2522 947 2549 Latinor.
965 2522 1026 2547 vitt.
1045 2525 1073 2547 et
1090 2521 1187 2554 rsliqq.
1207 2530 1234 2555 p.
1253 2520 1290 2547 25
1308 2530 1333 2547 n.
1352 2521 1378 2547 4.
