1800 3030
781 278 848 315 θῶ
893 273 948 312 28
989 279 1056 316 ὃ*

286 379 471 414 Posterior
486 390 610 414 versus
628 378 763 426 legitur
778 379 890 414 etiam
904 391 961 426 ap.
977 378 1137 415 Martini,
1150 377 1214 424 XI,
1230 378 1290 423 9⁰,
1307 377 1343 413 4.
1366 379 1547 425 Scriptum

287 444 342 474 est
358 441 453 475 enim
468 440 542 475 hoc
557 441 737 476 Martialis
752 442 975 487 epigramma
987 441 1024 475 in
1040 440 1289 482 Chrestinam,
1305 444 1463 474 veterum
1477 440 1546 474 Ro-

288 511 479 535 manorum
496 503 684 546 poetarum
700 501 1004 548 praedicatorem:

486 563 531 598 Et
546 565 609 599 tibi
625 563 781 599 Maeonio
799 565 888 610 quod
901 565 1050 600 carmine
1062 565 1171 599 maius
1184 564 1346 599 habetur:

550 621 662 654 Lucili
678 623 857 655 columella
873 624 927 655 hic
944 623 1022 655 situ'
1038 621 1288 664 Metrophanes.

329 680 407 714 Lib.
432 679 563 715 XXVI.
610 682 653 715 In
674 682 745 717 hoc
767 683 862 718 libro
878 694 1012 728 magna
1026 681 1227 728 argumenti
1241 681 1396 716 varietas
1411 678 1545 724 conspi-

285 743 390 776 citur.
421 742 574 777 Videtur
588 743 745 788 primum
762 743 926 777 Lucilius
941 742 1140 788 'depinxisse
1154 753 1341 777 aerumnas
1355 741 1451 776 vitae
1464 750 1543 775 con-

285 802 420 849 iugalis
442 814 507 838 nec
528 815 600 838 non
621 804 891 841 altercationem
914 803 985 840 viri
1010 803 1191 851 iurgantis
1213 815 1294 840 cum
1320 814 1444 840 uxore.
1490 800 1543 836 Cf.

285 866 418 912 fragm.
435 866 598 912 ap.Non.
615 880 643 902 s.
661 879 696 903 v.
705 866 851 915 Offerre
866 867 1130 904 etProducere
1146 864 1470 910 (nous.fr.xxvl‚
1488 863 1543 907 1)=

486 928 645 963 Homines
662 931 728 974 ipsi
744 931 831 964 hanc
848 928 914 964 sibi
929 930 1116 963 molestiam
1132 927 1220 962 filtro
1237 934 1337 973 atque
1355 934 1544 961 aerumnam

1345 984 1498 1025 offerunt,

484 1040 621 1075 Ducunt
635 1042 772 1086 uxores,
791 1044 980 1088 producunt
995 1041 1116 1087 quihus
1133 1044 1216 1076 haec
1234 1043 1363 1076 faciant
1377 1038 1512 1076 liberos.

283 1103 397 1138 Porro
412 1103 544 1149 fragm.
562 1115 618 1149 ap.
635 1104 729 1140 Non.
747 1119 774 1140 s.
791 1118 824 1140 v.
842 1104 998 1151 Royan-e
1014 1106 1141 1149 (Deus.
1159 1105 1204 1140 fr.
1221 1102 1352 1147 XXVI,
1367 1102 1424 1146 3):

483 1163 579 1199 Ferri
596 1171 725 1200 tantum
742 1163 772 1200 si
788 1172 884 1209 roget
898 1178 964 1210 me,
983 1166 1048 1199 non
1065 1166 1152 1209 dem,
1171 1171 1330 1210 quantum
1353 1160 1427 1198 auri
1449 1162 1540 1206 petit,

486 1218 523 1255 Si
539 1223 720 1266 secubitet,
735 1220 784 1256 sic
803 1235 934 1267 quoque
951 1233 972 1256 a
988 1234 1040 1255 me
1058 1220 1143 1266 quae
1159 1227 1267 1264 roget,
1292 1232 1356 1254 non
1379 1218 1538 1264 impetret.

285 1284 338 1318 Ad
362 1283 511 1318 eandem
534 1295 612 1318 rem
634 1283 812 1329 pertinere
833 1285 974 1319 videtur
997 1273 1238 1330 fragmentum
1267 1294 1322 1329 ap.
1345 1282 1434 1317 Non.
1458 1293 1488 1315 s.
1502 1290 1539 1320 ,v-

283 1344 463 1390 Impurus
480 1346 607 1389 (Dous.
625 1346 670 1379 fr.
688 1346 818 1390 XXVI,
836 1347 914 1391 61),
932 1347 1027 1391 quod
1043 1344 1096 1379 ita
1110 1345 1304 1390 legendum
1320 1354 1397 1378 esse
1419 1345 1518 1386 puto:

375 1416 560 1460 C6niugem
576 1415 726 1462 infideim,
745 1419 907 1452 familiam
920 1416 1106 1462 flaccidum,
1125 1415 1287 1463 impuram
1304 1417 1481 1457 domum1).

280 1491 334 1524 De
349 1489 499 1533 reliquis
515 1490 730 1536 fragmentis
746 1491 896 1526 difficile
908 1495 965 1527 est
976 1491 1064 1527 certi
1076 1490 1216 1535 aliquid
1228 1493 1402 1533 statuere3
1414 1496 1542 1531 magna

281 1551 379 1586 enim
395 1551 655 1587 sententiarum
670 1553 861 1588 diversitas
876 1553 913 1587 in
929 1552 976 1587 iis
994 1553 1227 1600 conspicitur,
1245 1552 1296 1586 ita
1312 1556 1352 1585 ut
1367 1548 1540 1595 quomodo

281 1613 427 1660 singula
443 1614 691 1660 coniungenda
707 1615 791 1660 sint,
809 1616 997 1651 decernere
1012 1628 1082 1650 non
1099 1616 1262 1649 audeam.

325 1676 403 1709 Lib.
428 1676 579 1710 xxvn.
630 1675 751 1710 Etiam
776 1676 814 1710 in
837 1677 908 1711 hoc
929 1676 1059 1711 libro·
1049 1688 1164 1711 messe
1185 1671 1339 1720 iurgiuni
1360 1671 1429 1706 viri
1456 1683 1540 1706 cum

281 1747 391 1771 uxore
419 1734 510 1770 vidit
530 1738 717 1772 Mercerus
750 1750 784 1783 p.
808 1739 877 1774 713
902 1751 954 1783 sq.
979 1739 1034 1776 ed
1057 1737 1154 1784 Lips.
1178 1738 1223 1772 ad
1239 1737 1358 1807 fragm·
1375 1745 1428 1779 Bp-
1444 1733 1538 1770 Non·

279 1812 308 1832 s.
326 1811 356 1832 v.
374 1798 581 1843 Appellare
595 1800 724 1843 (nous.
742 1801 788 1837 fr
804 1799 904 1834 XXV
908 1802 954 1844 11,
978 1800 1061 1845 24)-

299 1868 409 1915 Quum
424 1871 491 1905 mei
507 1881 560 1906 me
578 1871 706 1907 adeunt
721 1870 861 1919 servuli,
881 1885 946 1908 non
961 1873 1128 1909 dominam
1145 1885 1205 1918 ego
1223 1864 1378 1918 appellem
1394 1880 1512 1904 meam.

323 1950 483 1983 Adnotat
498 1952 699 1986 Mei-cerus:
726 1952 938 1986 Caussatm·
954 1953 1015 1988 ille
1031 1964 1107 1988 mm
1122 1946 1241 1988 minas·
1254 1950 1328 1985 sibe·
1340 1949 1456 1983 licere
1471 1950 1540 1984 ad·

277 2010 383 2055 loqui
396 2009 599 2054 domham,
617 2021 732 2055 quam
748 2013 869 2047 servis
884 2013 964 2047 suis
979 2013 1068 2049 lice!
1082 2011 1235 2057 adloqui
1247 2010 1443 2045 dominum.
1474 2009 1539 2045 Ex

277 2072 408 2108 eodem
429 2072 526 2108 libro
547 2072 718 2109 habuisti
729 2085 852 2120 supra
875 2076 947 2120 (ap.
966 2076 1055 2111 Non.
1079 2087 1108 2110 s.
1126 2088 1158 2109 v.
1174 2072 1317 2108 Aditus.
1363 2072 1472 2106 Dous.
1491 2073 1535 2107 fr.

275 2132 428 2177 XXVII,
446 2133 529 2175 20):
561 2133 688 2176 Quum
706 2146 845 2178 pacem
857 2141 959 2180 pelo,
976 2148 1088 2181 quum
1099 2136 1222 2181 ptam,
1255 2143 1368 2178 quum
1390 2133 1486 2168 adeo
1503 2140 1538 2169 et

275 2205 391 2240 quum
414 2194 567 2241 appello
586 2205 719 2231 meam.
767 2197 823 2230 Ad
851 2196 947 2232 idem
970 2199 1220 2243 argumentum
1239 2194 1298 2229 vix
1319 2206 1430 2230 unum
1452 2194 1537 2231 reli-

275 2268 430 2301 quorum
446 2257 735 2301 fragmentorum
751 2257 954 2301 pertinebit.

313 2441 347 2472 ι)
364 2441 452 2466 Editt.
472 2441 583 2466 Venett.
601 2441 717 2468 hebent:
744 2442 903 2478 coniugem
916 2443 1061 2478 fidamque
1082 2441 1209 2475 [tacitam
1227 2440 1371 2474 familiam
1393 2442 1538 2477 impuram

273 2483 421 2557 demuma
437 2484 574 2519 Reliqua
596 2485 750 2513 editiones:
780 2487 938 2526 coniugem
955 2485 1139 2522 infidamque,
1161 2484 1288 2517 nucitum
1309 2484 1460 2522 familiam,
1483 2486 1538 2515 im-

271 2537 378 2565 puram
421 2537 524 2557 omum.
