1800 3030
831 249 1000 293 *3380
1044 255 1111 294 εει,

330 362 437 387 uuum
453 352 746 389 hexametrorum
761 355 1046 402 dactylicorum3
1063 357 1110 391 οἳ.
1127 355 1216 401 Lyd.
1227 356 1249 391 Ι.
1267 367 1296 391 c.
1319 354 1356 393 ὃς
1371 355 1607 402 ἑξαμέτροιςι)

333 415 482 464 ἔγραψε.
530 413 621 449 Utut
650 415 826 451 statuitur
847 418 891 453 de
913 416 1242 463 hilarotragoedia:
1269 428 1310 451 ex
1339 415 1406 450 illa
1425 414 1606 450 Lucilium

333 479 589 522 argumentum
612 477 808 513 satirarum
831 478 998 515 hausisse
1027 479 1164 515 infitias
1191 478 1297 513 imus.
1346 477 1490 513 Satin-ae
1511 475 1606 510 enim

333 537 545 572 Lucilianae
574 542 836 583 argumentum
861 552 970 585 quam
1002 540 1158 575 maxime
1181 540 1386 574 Romanum
1412 537 1605 573 continent.

335 600 494 644 Accedit,
513 600 607 644 quod
622 595 729 644 poeta
745 593 913 636 satiricus
930 613 997 636 non
1008 601 1114 636 facile
1126 594 1290 637 recenset
1306 612 1424 635 mores
1439 599 1606 644 atquein-

333 661 463 696 utituta
477 661 632 695 aliorum
640 661 869 707 populorum,
887 674 968 697 cum
981 663 1101 698 minus
1115 667 1288 708 tangatur
1294 660 1438 709 ineptiis
1445 660 1606 707 peregri-

335 734 475 759 norum.
515 721 650 757 Deinde
661 727 917 768 argumentum
932 717 1263 770 hilarotragoediae
1280 724 1390 760 etiam
1405 722 1606 769 discrepare

335 783 478 818 videtur
496 794 520 818 a
540 783 655 819 satira
676 782 880 828 Lucinam,
909 796 992 820 cum
1015 785 1185 830 Stephan.
1206 784 1358 831 Byzant.
1384 797 1412 820 s.
1432 796 1467 820 v.
1489 786 1606 833 Τάρας

335 846 449 881 dicat:
470 846 630 881 Ῥίνθων
649 849 868 895 Ταραντῖνος
882 847 997 893 ᾳλὺαξ
1011 846 1053 882 τὰ
1069 845 1221 897 τραγικὰ
1237 846 1536 897 μεταῤῥυθμίζων
1557 848 1606 883 εἷς

335 908 374 944 τᾶ
390 910 541 955 γελοῖον.
590 906 678 942 Erat
694 907 813 953 igitur
828 920 941 954 genus
958 908 1138 952 parodiae,
1158 919 1248 952 quae
1263 908 1409 952 dicitur,
1431 920 1501 953 quo
1519 907 1605 943 alio-

335 981 412 1004 rum
426 971 616 1013 poetarum
625 980 750 1003 versus
758 972 866 1013 atque
878 967 1074 1004 sententiae
1086 970 1129 1004 ad
1142 968 1338 1004 ridiculum
1351 974 1603 1015 argumentum

335 1029 655 1073 detorquebantur.
705 1030 796 1064 Cum
818 1041 901 1064 vero
922 1029 961 1063 in
983 1030 1295 1077 hilarotragoedia
1317 1031 1487 1077 pleraque
1508 1032 1607 1066 haud

335 1092 445 1126 dubie
462 1094 579 1126 essent
594 1091 715 1126 iocose
732 1091 840 1136 dicta,
873 1091 1037 1127 Lucilius
1058 1094 1151 1127 hanc
1171 1093 1312 1129 iocandi
1330 1093 1509 1128 rationem
1525 1092 1606 1127 imi-

335 1158 435 1189 tatus
459 1164 537 1188 esse
559 1156 694 1198 potest3
726 1153 881 1188 fortasse
903 1153 1013 1188 etiam
1035 1152 1180 1190 versum
1203 1155 1282 1191 hex.
1309 1153 1440 1200 dactyl.
1469 1155 1514 1188 ab
1541 1153 1606 1190 illo

336 1220 525 1251 mutuatus
542 1218 617 1253 est3
634 1217 795 1248 attamen
807 1214 1157 1260 hilarotrngoediam
1170 1228 1246 1251 esse
1259 1217 1395 1250 fontem
1412 1215 1607 1250 satirarum

334 1275 607 1312 Luciliannru'm
631 1275 722 1310 mihi
745 1287 816 1311 non
839 1276 1023 1321 probatur.
1071 1276 1171 1322 Quid
1186 1282 1240 1312 est
1261 1277 1369 1323 enim,
1402 1288 1467 1311 cur
1488 1276 1608 1322 potius

336 1340 381 1374 ad
403 1339 505 1374 illum
528 1337 736 1384 confugerit
759 1338 797 1371 in
821 1338 1073 1384 componendis
1102 1338 1236 1382 satiris,
1270 1350 1376 1384 quam
1400 1340 1445 1373 ad
1470 1339 1607 1374 fontem

336 1400 569 1437 Romanum?

379 1463 450 1497 Hi'c
466 1474 542 1503 >nou
564 1460 710 1496 silentio
725 1461 1025 1506 praetereundum
1041 1465 1096 1495 est
1118 1461 1367 1496 testimonium
1378 1460 1523 1496 Horatii
1539 1465 1606 1495 sat.

336 1524 408 1568 1,4.
428 1525 450 1558 1
469 1524 545 1567 sqq.

425 1596 565 1647 Eupolis
582 1607 684 1645 atque
703 1600 862 1635 Cratinus
876 1599 1186 1645 Aristophanesque
1203 1607 1323 1646 poetae

425 1659 535 1703 Atque
552 1658 624 1700 alii,
643 1668 783 1701 quorum
799 1656 976 1691 comoedia
998 1657 1109 1700 prisea
1124 1659 1272 1691 virorum
1289 1663 1342 1692 est
1357 1664 1422 1692 etc.

428 1715 513 1749 Hinc
531 1715 637 1748 omnis
654 1715 780 1759 pendet
795 1714 960 1757 Lucilius,
980 1714 1107 1759 hosque
1125 1720 1261 1749 secutus
1279 1720 1345 1749 etc.

381 1800 428 1834 Ut
439 1799 661 1843 enimpoet'ae
677 1798 844 1841 antiquae
852 1797 1057 1832 comoediae
1065 1793 1204 1833 Atticae
1211 1799 1386 1847 dissoluta
1394 1799 1538 1847 licentia
1546 1810 1605 1834 ne-

340 1873 409 1907 que
416 1855 492 1897 ulla
501 1855 580 1907 lege
587 1857 753 1903 impediti
760 1857 873 1894 etiam
880 1858 1041 1893 virorum
1050 1848 1251 1905 principum
1259 1859 1371 1895 vitam
1380 1862 1416 1895 et
1426 1851 1478 1895 rei
1490 1859 1607 1906 publi-

340 1936 402 1960 cae
409 1924 579 1958 instituta
587 1926 693 1965 atque
700 1925 837 1955 statum
846 1921 972 1954 acerbe
980 1920 1282 1967 perstringebant:
1300 1921 1352 1956 ita
1359 1921 1518 1957 Lucilius
1526 1922 1607 1956 illo—

338 1997 421 2021 rum
428 1983 587 2030 exemplo
595 1981 716 2029 gravis
725 1992 850 2016 censor
858 1984 966 2026 atque
973 1981 1172 2027 castigator
1186 1988 1275 2019 erat.
1300 1982 1607 2030 Haecigiturimi-

339 2047 432 2084 tatio
448 2045 605 2081 aliorum
626 2047 813 2089 poetarum
835 2044 958 2088 magis
974 2045 1018 2078 ad
1035 2048 1217 2079 externam
1236 2044 1368 2080 satirae
1383 2046 1538 2080 formam
1554 2049 1608 2079 at-

339 2120 408 2154 que
423 2107 582 2142 indolem
605 2109 754 2152 spectat,
787 2117 870 2140 cum
892 2111 1016 2151 poetae
1038 2106 1185 2140 satirico
1207 2112 1462 2153 argumentum
1483 2119 1502 2142 e
1518 2112 1606 2142 tem-

340 2182 437 2217 pore,
469 2182 540 2214 quo
562 2167 662 2211 vivit,
693 2168 908 2203 sumendum
929 2168 987 2203 sit.
1034 2168 1092 2202 Ita
1110 2169 1165 2213 fit,
1199 2173 1240 2203 ut
1259 2169 1297 2203 in
1320 2169 1442 2205 satiris
1456 2170 1607 2205 velutin

339 2232 495 2280 speculis
511 2241 630 2266 mores
647 2233 754 2274 atque
769 2229 939 2266 instituta
954 2230 1083 2265 aetatis
1099 2234 1227 2276 poetae
1243 2236 1432 2267 cernantur
1450 2232 1496 2275 ⁸).

380 2338 414 2370 ι)
432 2336 572 2362 Βοανοιιι.
591 2334 611 2359 l·
629 2344 654 2362 c.
673 2344 701 2369 p.
720 2337 757 2361 84
775 2345 816 2369 sq.
834 2339 939 2363 mavult
962 2337 1120 2371 intelligere
1138 2346 1238 2364 verum
1260 2340 1401 2365 kmbidon.
1444 2339 1500 2364 Soa
1523 2346 1606 2364 voca-

343 2391 408 2418 bula
392 2399 435 2418 um
450 2381 637 2430 ἶξᾶμὸϊρθς
653 2399 704 2426 per
727 2399 758 2417 ιο
775 2391 865 2418 nolum
882 2394 977 2427 potin·
994 2393 1046 2418 dne
1049 2385 1150 2425 tylieos
1175 2401 1274 2420 vor-nn
1297 2393 1438 2420 hex-metr
1425 2402 1471 2420 ιοιι
1494 2398 1607 2428 propter

345 2436 467 2463 crebrum
484 2443 577 2462 eornm
595 2444 683 2469 usum,
708 2444 788 2471 quum
813 2439 948 2464 iambico·
966 2440 1046 2473 signi
1032 2439 1117 2464 ifle-t.
1349 2455 1354 2460 -

380 2481 414 2510 Ι)
433 2480 506 2510 Qun
493 2488 522 2506 ro
539 2487 593 2505 non
616 2490 649 2514 pr
636 2482 732 2506 rotare
749 2488 872 2514 penum,
897 2490 936 2514 qn
935 2490 967 2507 ιο
992 2482 1114 2508 Schober
1122 2491 1127 2496 ·
1153 2482 1193 2507 Do
1212 2482 1366 2508 Atellanor-
1393 2483 1512 2508 exodimi
1538 2483 1562 2506 V
1563 2490 1606 2508 r·-

342 2523 437 2550 nul-v.
457 2524 538 2550 1830.
558 2533 584 2558 p.
605 2525 648 2550 ¹6.
671 2524 704 2550 1⁷
722 2524 804 2556 dixit,
823 2524 960 2551 Lucilium
977 2527 1066 2559 magi·
1092 2534 1126 2559 qn
1130 2534 1171 2552 ιιιι
1189 2514 1261 2552 finni
1264 2535 1307 2552 um
1325 2534 1340 2552 ο
1358 2528 1446 2553 veteri
1471 2527 1594 2553 nomano
1578 2535 1609 2552 ο-
