1800 3030
838 289 1119 334 0524&

388 391 468 428 Lib.
484 393 528 428 V.
576 395 845 440 Argumentum
865 396 951 432 libri
968 408 1076 443 quam
1092 397 1246 432 maxime
1260 396 1401 432 varium
1417 395 1528 430 fuisse
1543 406 1609 440 pro

342 458 441 490 certo
464 449 651 492 affirmare
672 457 800 491 ausim.
849 458 1013 494 Lucilius
1035 459 1142 505 gravi
1153 458 1282 493 morbo
1296 456 1496 503 implicitus
1511 460 1608 499 erat3

340 514 568 554 irascebatur
589 528 807 563 magnopere
829 519 965 565 amico,
991 520 1096 566 quod
1114 520 1169 556 ad
1188 531 1230 557 se
1252 523 1446 567 aequ-otum
1465 527 1541 554 non
1555 517 1609 553 vi-

340 581 462 620 seret3
498 580 544 614 cf.
565 580 609 614 A.
626 579 719 614 Gen.
748 580 884 624 XVIII,
917 580 951 617 8.
1014 581 1152 615 Tamen
1190 581 1223 615 ei
1252 580 1391 624 scribit,
1423 580 1608 624 quomodo

339 649 379 673 se
393 639 536 675 habeat.
568 639 690 675 Morbi
706 641 924 687 gravitatem
941 641 1146 688 siguificare
1160 642 1303 677 videtur
1318 643 1560 688 fragmentum
1571 639 1608 675 6.

337 699 504 734 Aliorum
527 694 651 736 autem
674 704 966 749 fragmentorum
987 707 1241 750 argumentum
1261 715 1411 749 prorsus
1428 704 1609 738 diversum

338 766 404 797 est.
466 762 566 798 Dicit
581 764 677 799 enim
694 763 835 802 charis.
851 764 956 809 1,-18,
976 764 1033 801 18.
1052 775 1085 812 p.
1102 764 1151 800 5⁶
1168 764 1223 800 ed.
1239 763 1400 800 Lindem.
1418 765 1544 810 (Dous.
1561 763 1606 798 fr.

340 823 383 866 V,
398 823 480 869 13)=
512 824 689 862 Lucilius
705 828 744 862 in
760 827 892 873 quinto
908 827 1084 863 deridens
1100 826 1285 862 rusticam
1306 836 1439 862 cenam
1461 836 1608 860 enume-

336 885 437 920 ratis
451 885 581 921 multis
596 886 745 925 herbis.-

535 947 667 981 Intibu'
679 952 871 993 praeterea
883 949 1033 992 pedibus
1043 950 1241 994 per-serpsit
1252 950 1401 993 equinis.

336 1006 393 1040 Ad
423 1003 518 1042 idem
540 1013 800 1054 argumentum
823 1014 987 1055 spectant
1010 1011 1180 1055 fragmm.
1200 1022 1256 1056 ap.
1278 1010 1363 1044 Non
1390 1022 1419 1044 a.
1447 1021 1479 1044 v.
1511 1009 1610 1054 Cepe

336 1069 467 1113 (Dous.
484 1069 530 1105 fr.
546 1070 592 1116 V,
609 1070 668 1106 12.
686 1069 766 1116 14),
790 1083 818 1108 s,
836 1082 869 1105 v.
888 1070 1114 1106 Mamm-ium
1130 1071 1262 1116 (nous.
1278 1071 1326 1106 fr.
1343 1070 1387 1115 V,
1405 1069 1481 1116 15),
1514 1070 1609 1115 apud

336 1130 513 1167 Priscian.
538 1133 584 1176 X,
618 1133 654 1177 2,
686 1134 734 1168 1⁰
756 1134 811 1169 ed.
833 1133 962 1168 Krehl.
980 1133 1112 1177 (Dous.
1130 1134 1173 1176 V,
1191 1133 1264 1177 17).
1312 1133 1387 1168 Nec
1402 1144 1472 1167 non
1489 1133 1533 1166 ad
1549 1133 1610 1167 de-

335 1188 567 1240 scriptionem
583 1205 776 1229 coenarum
791 1194 1014 1229 rusticarum
1030 1194 1172 1238 videtur
1186 1192 1376 1239 pertinere,
1409 1194 1505 1238 quod
1521 1193 1611 1229 dicit

336 1248 527 1290 Charisius
543 1256 574 1300 1,
592 1257 650 1300 18,
668 1257 691 1291 3
710 1268 744 1303 p.
761 1257 809 1292 53
826 1256 882 1290 ed.
899 1255 1082 1292 Lindem.:
1122 1255 1224 1290 Nam
1240 1260 1278 1291 ec
1292 1255 1466 1291 Lucilius
1481 1256 1611 1301 quinto

336 1317 445 1362 adip
454 1309 580 1353 a'tam
602 1317 698 1353 dicit
722 1318 903 1364 feminino
917 1328 1066 1364 qenere,
1097 1316 1169 1352 sed
1181 1316 1249 1352 ubi
1261 1318 1385 1363 iunqit
1396 1317 1548 1362 pultem.
1563 1337 1611 1343 —

334 1378 421 1415 Alia
442 1371 592 1426 denique
614 1381 820 1427 fragmenta
842 1380 886 1415 de
908 1382 1109 1414 scortatore
1131 1377 1371 1424 intelligenda
1394 1383 1489 1414 sunt.
1552 1379 1608 1414 Cf.

335 1442 449 1475 schol.
466 1442 598 1477 Horat.
616 1445 682 1476 sat.
700 1442 729 1485 1,
746 1442 782 1485 2,
802 1441 889 1478 125:
913 1440 1022 1475 Haec
1037 1440 1105 1476 ubi
1115 1441 1318 1487 supposuit
1334 1441 1510 1476 dextrum
1526 1452 1609 1476 cor-

332 1512 409 1546 pus
423 1503 519 1540 mihi
530 1504 659 1540 laevo.-
675 1503 782 1549 quod
794 1508 831 1539 ec
840 1495 1013 1539 Lucilius
1031 1502 1088 1537 ait
1101 1502 1141 1537 in
1156 1502 1307 1548 quinto.-
1331 1514 1349 1536 e
1359 1506 1377 1537 t
1389 1502 1546 1539 crurib
1555 1513 1608 1538 us

336 1574 478 1599 crura
508 1564 707 1601 dilaxat.
755 1566 811 1599 Ad
833 1565 983 1600 ean'dem
1004 1576 1082 1599 rem
1106 1565 1264 1599 fortasse
1287 1564 1397 1600 etiam
1428 1567 1608 1610 fragmen-

332 1629 413 1660 tum
428 1626 597 1671 pertinet,
614 1627 714 1672 quod
729 1638 784 1671 ap.
801 1626 896 1661 Non.
914 1639 941 1661 s.
957 1639 988 1661 v.
1014 1625 1167 1671 Lapara·
1185 1627 1314 1670 (Dous.
1332 1627 1377 1661 fr.
1394 1627 1438 1670 V,
1463 1626 1501 1671 8)
1517 1626 1608 1671 legi-

336 1690 397 1720 tur
413 1686 484 1721 ita:

804 1757 839 1786 et
861 1751 957 1784 divos
973 1751 1072 1784 thure
1088 1759 1266 1794 precemur

470 1806 670 1851 Consilium,
690 1808 742 1841 fas
760 1808 789 1841 si
805 1809 953 1852 placent,
971 1813 1053 1841 tune
1070 1808 1204 1851 impune
1219 1808 1378 1851 superbis
1398 1806 1442 1849 ¹).

330 1866 450 1900 Affert
464 1867 604 1902 Nonius
620 1869 710 1903 haec
717 1867 849 1904 Lucilii
865 1869 976 1903 verba
991 1869 1037 1902 ad
1051 1879 1174 1902 vocem
1187 1865 1599 1912 Lupariexplicandum.

334 1924 440 1968 Quae
456 1939 525 1962 vox
541 1940 625 1963 cum
641 1928 736 1963 absit
752 1928 790 1963 in
808 1931 1027 1976 fragmento,
1061 1927 1226 1975 Scaliger
1241 1940 1306 1973 pro
1321 1925 1495 1974 superbis
1517 1926 1606 1961 scri-

333 1985 405 2028 psit
422 1986 577 2031 Iuperis.
625 1989 710 2031 Qua
725 1991 764 2025 in
780 2002 819 2025 re
842 1991 874 2026 ei
897 1992 1052 2026 fortasse
1069 1990 1335 2025 assentiendum
1352 1989 1441 2033 erit3
1466 1988 1607 2034 reliqua

331 2044 630 2091 verbu'corrupta
655 2056 749 2083 sunt.

379 2106 459 2141 Lib.
476 2106 556 2141 vn.
603 2108 697 2144 1100,
710 2110 806 2146 libro
828 2111 993 2146 Lucilius
1010 2112 1086 2158 egit
1101 2112 1145 2147 de
1161 2124 1200 2147 re
1215 2112 1345 2161 uxoria
1361 2117 1398 2148 et
1413 2111 1602 2147 amatoria.

331 2169 375 2202 Id
390 2169 464 2203 iam
482 2169 729 2213 fragmentum
744 2171 980 2215 demonstrat,
998 2174 1095 2216 quod
1107 2175 1232 2208 Dousa
1245 2173 1361 2218 primo
1376 2174 1456 2208 loco
1474 2173 1606 2217 posuit;

331 2235 515 2264 servatum
542 2233 597 2263 est
619 2241 640 2263 a
663 2229 785 2264 Nonio
807 2243 836 2265 s.
859 2243 892 2266 v.
917 2231 1090 2267 Samium
1110 2234 1157 2277 ¹).
1204 2235 1295 2268 Fere
1325 2233 1445 2269 omnia
1464 2234 1607 2279 reliqua

331 2293 539 2337 fragmenta
554 2296 637 2336 apte
653 2292 699 2325 ad
713 2291 807 2325 illud
822 2298 1080 2337 argumentum
1095 2293 1227 2328 referri
1243 2298 1405 2337 possunt.

368 2468 403 2501 ι)
420 2467 489 2495 Μ.
510 2467 637 2495 Veneta:
658 2467 823 2503 Consulum,
842 2470 886 2496 sas
905 2471 932 2496 ai
949 2470 1051 2505 placet,
1069 2477 1098 2497 tu
1114 2479 1149 2498 ne
1167 2472 1303 2506 superbis.

366 2513 403 2547 2)
427 2513 583 2547 Heinrich„
605 2515 655 2547 qui
673 2513 707 2540 ad
732 2513 857 2541 laven-1.
882 2515 909 2548 6,
939 2515 994 2542 154
1015 2516 1068 2542 hoc
1092 2518 1271 2552 fragmentum
1299 2518 1376 2551 clm,
1400 2524 1452 2552 pro
1476 2521 1605 2554 amputat

332 2557 406 2584 mn
423 2557 493 2591 legit
511 2559 669 2593 computat-
