<?xml version="1.0" encoding="UTF-8"?>
<!DOCTYPE html PUBLIC "-//W3C//DTD XHTML 1.0 Transitional//EN"
    "http://www.w3.org/TR/xhtml1/DTD/xhtml1-transitional.dtd">
<html xmlns="http://www.w3.org/1999/xhtml" xml:lang="en" lang="en">
 <head>
  <title>
</title>
<meta http-equiv="Content-Type" content="text/html;charset=utf-8" />
  <meta name='ocr-system' content='tesseract 3.04.00' />
  <meta name='ocr-capabilities' content='ocr_page ocr_carea ocr_par ocr_line ocrx_word'/>
</head>
<body>
  <div class='ocr_page' id='page_1' title='image "4738019_0011.png"; bbox 0 0 1800 3030; ppageno 0'>
   <div class='ocr_carea' id='block_1_1' title="bbox 460 1028 653 1046">
    <p class='ocr_par' dir='ltr' id='par_1_1' title="bbox 460 1028 653 1046">
     <span class='ocr_line' id='line_1_1' title="bbox 460 1028 653 1046; baseline -0.005 -3"><span class='ocrx_word' id='word_1_1' title='bbox 460 1031 493 1043; x_wconf 55' lang='lat' dir='ltr'><strong>&gt;vt</strong></span> <span class='ocrx_word' id='word_1_2' title='bbox 514 1028 532 1046; x_wconf 79' lang='grc'><strong>,1</strong></span> <span class='ocrx_word' id='word_1_3' title='bbox 542 1030 653 1044; x_wconf 42' lang='lat'><strong>22222</strong></span> 
     </span>
    </p>
   </div>
   <div class='ocr_carea' id='block_1_2' title="bbox 215 1081 1498 2578">
    <p class='ocr_par' dir='ltr' id='par_1_2' title="bbox 215 1081 1498 2578">
     <span class='ocr_line' id='line_1_2' title="bbox 215 1081 1480 1166; baseline -0.001 -16"><span class='ocrx_word' id='word_1_4' title='bbox 215 1081 341 1153; x_wconf 73' lang='lat' dir='ltr'><strong>Inter</strong></span> <span class='ocrx_word' id='word_1_5' title='bbox 375 1111 557 1153; x_wconf 82' lang='lat' dir='ltr'><strong>satiricos</strong></span> <span class='ocrx_word' id='word_1_6' title='bbox 582 1110 850 1152; x_wconf 84' lang='lat' dir='ltr'><strong>Romanorum</strong></span> <span class='ocrx_word' id='word_1_7' title='bbox 876 1117 1011 1166; x_wconf 88' lang='lat' dir='ltr'><strong>poetas</strong></span> <span class='ocrx_word' id='word_1_8' title='bbox 1037 1107 1167 1149; x_wconf 93' lang='lat' dir='ltr'><strong>nullus</strong></span> <span class='ocrx_word' id='word_1_9' title='bbox 1195 1107 1350 1149; x_wconf 87' lang='lat' dir='ltr'><strong>videtur</strong></span> <span class='ocrx_word' id='word_1_10' title='bbox 1377 1121 1480 1160; x_wconf 75' lang='lat' dir='ltr'><strong>esse,</strong></span> 
     </span>
     <span class='ocr_line' id='line_1_3' title="bbox 216 1187 1485 1243; baseline -0.002 -14"><span class='ocrx_word' id='word_1_11' title='bbox 216 1188 326 1229; x_wconf 90' lang='lat' dir='ltr'><strong>cuius</strong></span> <span class='ocrx_word' id='word_1_12' title='bbox 359 1187 439 1229; x_wconf 86' lang='lat' dir='ltr'><strong>vita</strong></span> <span class='ocrx_word' id='word_1_13' title='bbox 473 1194 587 1242; x_wconf 87' lang='lat' dir='ltr'><strong>atque</strong></span> <span class='ocrx_word' id='word_1_14' title='bbox 621 1188 794 1229; x_wconf 87' lang='lat' dir='ltr'><strong>carmina</strong></span> <span class='ocrx_word' id='word_1_15' title='bbox 827 1187 1100 1243; x_wconf 59' lang='lat' dir='ltr'><strong>explanatione</strong></span> <span class='ocrx_word' id='word_1_16' title='bbox 1139 1192 1322 1226; x_wconf 88' lang='lat' dir='ltr'><strong>accurata</strong></span> <span class='ocrx_word' id='word_1_17' title='bbox 1361 1187 1485 1240; x_wconf 86' lang='lat' dir='ltr'><strong>magis</strong></span> 
     </span>
     <span class='ocr_line' id='line_1_4' title="bbox 216 1263 1484 1322; baseline -0.004 -12"><span class='ocrx_word' id='word_1_18' title='bbox 216 1274 372 1322; x_wconf 83' lang='lat' dir='ltr'>egeant,</span> <span class='ocrx_word' id='word_1_19' title='bbox 395 1281 509 1322; x_wconf 91' lang='lat' dir='ltr'><strong>quam</strong></span> <span class='ocrx_word' id='word_1_20' title='bbox 531 1263 581 1308; x_wconf 90' lang='lat' dir='ltr'><strong>C.</strong></span> <span class='ocrx_word' id='word_1_21' title='bbox 604 1264 797 1309; x_wconf 84' lang='lat' dir='ltr'><strong>Lucilius.</strong></span> <span class='ocrx_word' id='word_1_22' title='bbox 830 1266 914 1310; x_wconf 87' lang='lat' dir='ltr'><strong>Iam</strong></span> <span class='ocrx_word' id='word_1_23' title='bbox 929 1280 1094 1322; x_wconf 85' lang='lat' dir='ltr'><strong>magnae</strong></span> <span class='ocrx_word' id='word_1_24' title='bbox 1108 1265 1199 1307; x_wconf 90' lang='lat' dir='ltr'><strong>illae</strong></span> <span class='ocrx_word' id='word_1_25' title='bbox 1219 1264 1369 1318; x_wconf 82' lang='lat' dir='ltr'><strong>laudes,</strong></span> <span class='ocrx_word' id='word_1_26' title='bbox 1388 1279 1484 1320; x_wconf 86' lang='lat' dir='ltr'><strong>quas</strong></span> 
     </span>
     <span class='ocr_line' id='line_1_5' title="bbox 215 1342 1486 1401; baseline -0.002 -15"><span class='ocrx_word' id='word_1_27' title='bbox 215 1345 305 1386; x_wconf 92' lang='lat' dir='ltr'><strong>huic</strong></span> <span class='ocrx_word' id='word_1_28' title='bbox 330 1352 468 1401; x_wconf 87' lang='lat' dir='ltr'><strong>poetae</strong></span> <span class='ocrx_word' id='word_1_29' title='bbox 498 1358 633 1386; x_wconf 91' lang='lat' dir='ltr'><strong>omnes</strong></span> <span class='ocrx_word' id='word_1_30' title='bbox 661 1345 745 1386; x_wconf 88' lang='lat' dir='ltr'><strong>fere</strong></span> <span class='ocrx_word' id='word_1_31' title='bbox 771 1344 939 1386; x_wconf 89' lang='lat' dir='ltr'><strong>Romani</strong></span> <span class='ocrx_word' id='word_1_32' title='bbox 968 1344 1205 1395; x_wconf 87' lang='lat' dir='ltr'><strong>tribuerunt,</strong></span> <span class='ocrx_word' id='word_1_33' title='bbox 1229 1342 1335 1384; x_wconf 88' lang='lat' dir='ltr'><strong>viros</strong></span> <span class='ocrx_word' id='word_1_34' title='bbox 1353 1343 1486 1384; x_wconf 90' lang='lat' dir='ltr'><strong>doctos</strong></span> 
     </span>
     <span class='ocr_line' id='line_1_6' title="bbox 216 1421 1488 1477; baseline -0.001 -13"><span class='ocrx_word' id='word_1_35' title='bbox 216 1424 426 1465; x_wconf 87' lang='lat' dir='ltr'><strong>admonere</strong></span> <span class='ocrx_word' id='word_1_36' title='bbox 446 1422 636 1464; x_wconf 85' lang='lat' dir='ltr'><strong>debebant</strong></span> <span class='ocrx_word' id='word_1_37' title='bbox 653 1423 699 1464; x_wconf 88' lang='lat' dir='ltr'><strong>de</strong></span> <span class='ocrx_word' id='word_1_38' title='bbox 720 1423 948 1476; x_wconf 80' lang='lat' dir='ltr'><strong>fragmentis</strong></span> <span class='ocrx_word' id='word_1_39' title='bbox 964 1423 1048 1465; x_wconf 90' lang='lat' dir='ltr'><strong>eius</strong></span> <span class='ocrx_word' id='word_1_40' title='bbox 1065 1421 1286 1477; x_wconf 87' lang='lat' dir='ltr'><strong>diligentius</strong></span> <span class='ocrx_word' id='word_1_41' title='bbox 1306 1435 1488 1477; x_wconf 85' lang='lat' dir='ltr'><strong>perscru-</strong></span> 
     </span>
     <span class='ocr_line' id='line_1_7' title="bbox 215 1500 1485 1558; baseline 0 -16"><span class='ocrx_word' id='word_1_42' title='bbox 215 1501 359 1543; x_wconf 87' lang='lat' dir='ltr'><strong>tandis.</strong></span> <span class='ocrx_word' id='word_1_43' title='bbox 420 1502 599 1554; x_wconf 84' lang='lat' dir='ltr'><strong>Accedit,</strong></span> <span class='ocrx_word' id='word_1_44' title='bbox 628 1500 729 1556; x_wconf 90' lang='lat' dir='ltr'><strong>quod</strong></span> <span class='ocrx_word' id='word_1_45' title='bbox 754 1500 936 1542; x_wconf 87' lang='lat' dir='ltr'><strong>inventor</strong></span> <span class='ocrx_word' id='word_1_46' title='bbox 961 1509 1023 1544; x_wconf 87' lang='lat' dir='ltr'><strong>est</strong></span> <span class='ocrx_word' id='word_1_47' title='bbox 1051 1502 1143 1545; x_wconf 88' lang='lat' dir='ltr'><strong>novi</strong></span> <span class='ocrx_word' id='word_1_48' title='bbox 1163 1500 1291 1558; x_wconf 82' lang='lat' dir='ltr'><strong>poesis</strong></span> <span class='ocrx_word' id='word_1_49' title='bbox 1311 1501 1485 1555; x_wconf 87' lang='lat' dir='ltr'><strong>generis,</strong></span> 
     </span>
     <span class='ocr_line' id='line_1_8' title="bbox 217 1577 1489 1635; baseline -0.001 -13"><span class='ocrx_word' id='word_1_50' title='bbox 217 1581 258 1622; x_wconf 90' lang='lat' dir='ltr'><strong>in</strong></span> <span class='ocrx_word' id='word_1_51' title='bbox 292 1594 367 1635; x_wconf 92' lang='lat' dir='ltr'><strong>quo</strong></span> <span class='ocrx_word' id='word_1_52' title='bbox 401 1593 479 1621; x_wconf 92' lang='lat' dir='ltr'><strong>uno</strong></span> <span class='ocrx_word' id='word_1_53' title='bbox 513 1577 683 1621; x_wconf 88' lang='lat' dir='ltr'><strong>Romani</strong></span> <span class='ocrx_word' id='word_1_54' title='bbox 718 1577 892 1621; x_wconf 88' lang='lat' dir='ltr'><strong>Graecas</strong></span> <span class='ocrx_word' id='word_1_55' title='bbox 925 1577 1066 1621; x_wconf 87' lang='lat' dir='ltr'>Musas</span> <span class='ocrx_word' id='word_1_56' title='bbox 1095 1586 1389 1621; x_wconf 83' lang='lat' dir='ltr'><strong>contemnentes</strong></span> <span class='ocrx_word' id='word_1_57' title='bbox 1416 1593 1489 1621; x_wconf 90' lang='lat' dir='ltr'><strong>suo</strong></span> 
     </span>
     <span class='ocr_line' id='line_1_9' title="bbox 217 1657 1490 1701; baseline -0.001 0"><span class='ocrx_word' id='word_1_58' title='bbox 217 1658 353 1701; x_wconf 84' lang='lat' dir='ltr'><strong>Marte</strong></span> <span class='ocrx_word' id='word_1_59' title='bbox 373 1659 688 1701; x_wconf 88' lang='lat' dir='ltr'><strong>elaboraverunt.</strong></span> <span class='ocrx_word' id='word_1_60' title='bbox 748 1657 919 1701; x_wconf 85' lang='lat' dir='ltr'><strong>Videtur</strong></span> <span class='ocrx_word' id='word_1_61' title='bbox 939 1667 1068 1701; x_wconf 89' lang='lat' dir='ltr'><strong>autem</strong></span> <span class='ocrx_word' id='word_1_62' title='bbox 1089 1659 1259 1701; x_wconf 90' lang='lat' dir='ltr'><strong>conditio</strong></span> <span class='ocrx_word' id='word_1_63' title='bbox 1279 1659 1490 1701; x_wconf 84' lang='lat' dir='ltr'><strong>satirarum</strong></span> 
     </span>
     <span class='ocr_line' id='line_1_10' title="bbox 217 1736 1490 1794; baseline 0.001 -15"><span class='ocrx_word' id='word_1_64' title='bbox 217 1736 513 1780; x_wconf 89' lang='lat' dir='ltr'><strong>Lucilianarum</strong></span> <span class='ocrx_word' id='word_1_65' title='bbox 539 1737 645 1779; x_wconf 91' lang='lat' dir='ltr'><strong>viros</strong></span> <span class='ocrx_word' id='word_1_66' title='bbox 681 1736 813 1779; x_wconf 90' lang='lat' dir='ltr'><strong>doctos</strong></span> <span class='ocrx_word' id='word_1_67' title='bbox 849 1737 1104 1790; x_wconf 70' lang='lat' dir='ltr'><strong>‹letam-uisse,</strong></span> <span class='ocrx_word' id='word_1_68' title='bbox 1141 1738 1347 1794; x_wconf 89' lang='lat' dir='ltr'><strong>quominus</strong></span> <span class='ocrx_word' id='word_1_69' title='bbox 1373 1738 1415 1780; x_wconf 91' lang='lat' dir='ltr'><strong>in</strong></span> <span class='ocrx_word' id='word_1_70' title='bbox 1441 1738 1490 1780; x_wconf 88' lang='lat' dir='ltr'><strong>iis</strong></span> 
     </span>
     <span class='ocr_line' id='line_1_11' title="bbox 218 1815 1491 1871; baseline 0 -14"><span class='ocrx_word' id='word_1_71' title='bbox 218 1815 502 1871; x_wconf 74' lang='lat' dir='ltr'><strong>pertractandis</strong></span> <span class='ocrx_word' id='word_1_72' title='bbox 530 1829 686 1871; x_wconf 85' lang='lat' dir='ltr'><strong>operam</strong></span> <span class='ocrx_word' id='word_1_73' title='bbox 714 1830 824 1857; x_wconf 88' lang='lat' dir='ltr'><strong>suam</strong></span> <span class='ocrx_word' id='word_1_74' title='bbox 843 1816 1094 1857; x_wconf 84' lang='lat' dir='ltr'><strong>collocarent.</strong></span> <span class='ocrx_word' id='word_1_75' title='bbox 1146 1816 1368 1859; x_wconf 83' lang='lat' dir='ltr'><strong>Satirarum</strong></span> <span class='ocrx_word' id='word_1_76' title='bbox 1387 1816 1491 1857; x_wconf 88' lang='lat' dir='ltr'><strong>enim</strong></span> 
     </span>
     <span class='ocr_line' id='line_1_12' title="bbox 219 1892 1492 1951; baseline -0.001 -14"><span class='ocrx_word' id='word_1_77' title='bbox 219 1894 650 1951; x_wconf 86' lang='lat' dir='ltr'><strong>nullaintegraservata</strong></span> <span class='ocrx_word' id='word_1_78' title='bbox 665 1900 741 1946; x_wconf 83' lang='lat' dir='ltr'><strong>est,</strong></span> <span class='ocrx_word' id='word_1_79' title='bbox 765 1893 833 1935; x_wconf 88' lang='lat' dir='ltr'><strong>sed</strong></span> <span class='ocrx_word' id='word_1_80' title='bbox 849 1907 984 1934; x_wconf 88' lang='lat' dir='ltr'><strong>omnes</strong></span> <span class='ocrx_word' id='word_1_81' title='bbox 998 1892 1193 1935; x_wconf 85' lang='lat' dir='ltr'><strong>laceratae</strong></span> <span class='ocrx_word' id='word_1_82' title='bbox 1211 1901 1326 1950; x_wconf 86' lang='lat' dir='ltr'><strong>atque</strong></span> <span class='ocrx_word' id='word_1_83' title='bbox 1341 1895 1382 1936; x_wconf 94' lang='lat' dir='ltr'><strong>in</strong></span> <span class='ocrx_word' id='word_1_84' title='bbox 1398 1908 1492 1951; x_wconf 85' lang='lat' dir='ltr'><strong>pan-</strong></span> 
     </span>
     <span class='ocr_line' id='line_1_13' title="bbox 220 1972 1491 2030; baseline 0 -14"><span class='ocrx_word' id='word_1_85' title='bbox 220 1988 291 2016; x_wconf 93' lang='lat' dir='ltr'><strong>nos</strong></span> <span class='ocrx_word' id='word_1_86' title='bbox 312 1973 557 2016; x_wconf 89' lang='lat' dir='ltr'><strong>miserabiles</strong></span> <span class='ocrx_word' id='word_1_87' title='bbox 578 1973 762 2015; x_wconf 86' lang='lat' dir='ltr'><strong>disiectae</strong></span> <span class='ocrx_word' id='word_1_88' title='bbox 783 1972 832 2013; x_wconf 88' lang='lat' dir='ltr'><strong>ad</strong></span> <span class='ocrx_word' id='word_1_89' title='bbox 851 1985 922 2012; x_wconf 92' lang='lat' dir='ltr'><strong>nos</strong></span> <span class='ocrx_word' id='word_1_90' title='bbox 942 1979 1227 2027; x_wconf 78' lang='lat' dir='ltr'><strong>pervenerunt3</strong></span> <span class='ocrx_word' id='word_1_91' title='bbox 1259 1981 1409 2030; x_wconf 88' lang='lat' dir='ltr'><strong>partem</strong></span> <span class='ocrx_word' id='word_1_92' title='bbox 1424 1988 1491 2016; x_wconf 88' lang='lat' dir='ltr'><strong>au-</strong></span> 
     </span>
     <span class='ocr_line' id='line_1_14' title="bbox 219 2049 1493 2109; baseline -0.002 -14"><span class='ocrx_word' id='word_1_93' title='bbox 219 2061 296 2096; x_wconf 90' lang='lat' dir='ltr'><strong>tem</strong></span> <span class='ocrx_word' id='word_1_94' title='bbox 318 2053 433 2109; x_wconf 87' lang='lat' dir='ltr'><strong>longe</strong></span> <span class='ocrx_word' id='word_1_95' title='bbox 453 2052 664 2095; x_wconf 81' lang='lat' dir='ltr'><strong>maximam</strong></span> <span class='ocrx_word' id='word_1_96' title='bbox 685 2052 991 2107; x_wconf 82' lang='lat' dir='ltr'><strong>fragmentorum</strong></span> <span class='ocrx_word' id='word_1_97' title='bbox 1013 2052 1188 2096; x_wconf 87' lang='lat' dir='ltr'><strong>servavit</strong></span> <span class='ocrx_word' id='word_1_98' title='bbox 1204 2050 1361 2094; x_wconf 91' lang='lat' dir='ltr'><strong>Nonius</strong></span> <span class='ocrx_word' id='word_1_99' title='bbox 1380 2049 1493 2094; x_wconf 85' lang='lat' dir='ltr'><strong>Mar—</strong></span> 
     </span>
     <span class='ocr_line' id='line_1_15' title="bbox 221 2130 1492 2189; baseline 0.001 -16"><span class='ocrx_word' id='word_1_100' title='bbox 221 2132 362 2173; x_wconf 86' lang='lat' dir='ltr'><strong>cellus:</strong></span> <span class='ocrx_word' id='word_1_101' title='bbox 394 2132 429 2172; x_wconf 94' lang='lat' dir='ltr'><strong>is</strong></span> <span class='ocrx_word' id='word_1_102' title='bbox 444 2143 539 2172; x_wconf 87' lang='lat' dir='ltr'><strong>vero</strong></span> <span class='ocrx_word' id='word_1_103' title='bbox 554 2144 668 2184; x_wconf 87' lang='lat' dir='ltr'><strong>quam</strong></span> <span class='ocrx_word' id='word_1_104' title='bbox 684 2144 819 2186; x_wconf 88' lang='lat' dir='ltr'><strong>parum</strong></span> <span class='ocrx_word' id='word_1_105' title='bbox 834 2130 1042 2185; x_wconf 85' lang='lat' dir='ltr'><strong>diligenter</strong></span> <span class='ocrx_word' id='word_1_106' title='bbox 1060 2138 1239 2174; x_wconf 87' lang='lat' dir='ltr'><strong>veterum</strong></span> <span class='ocrx_word' id='word_1_107' title='bbox 1259 2132 1492 2189; x_wconf 87' lang='lat' dir='ltr'><strong>scriptorum</strong></span> 
     </span>
     <span class='ocr_line' id='line_1_16' title="bbox 221 2208 1490 2263; baseline -0.001 -12"><span class='ocrx_word' id='word_1_108' title='bbox 221 2209 437 2251; x_wconf 88' lang='lat' dir='ltr'><strong>sententias</strong></span> <span class='ocrx_word' id='word_1_109' title='bbox 457 2215 573 2263; x_wconf 90' lang='lat' dir='ltr'><strong>atque</strong></span> <span class='ocrx_word' id='word_1_110' title='bbox 593 2209 714 2250; x_wconf 88' lang='lat' dir='ltr'><strong>verba</strong></span> <span class='ocrx_word' id='word_1_111' title='bbox 727 2208 769 2250; x_wconf 93' lang='lat' dir='ltr'><strong>in</strong></span> <span class='ocrx_word' id='word_1_112' title='bbox 789 2222 873 2250; x_wconf 92' lang='lat' dir='ltr'><strong>rem</strong></span> <span class='ocrx_word' id='word_1_113' title='bbox 890 2223 1000 2251; x_wconf 91' lang='lat' dir='ltr'><strong>suam</strong></span> <span class='ocrx_word' id='word_1_114' title='bbox 1021 2210 1261 2251; x_wconf 86' lang='lat' dir='ltr'><strong>converterit</strong></span> <span class='ocrx_word' id='word_1_115' title='bbox 1280 2222 1395 2250; x_wconf 90' lang='lat' dir='ltr'><strong>nemo</strong></span> <span class='ocrx_word' id='word_1_116' title='bbox 1415 2216 1490 2261; x_wconf 85' lang='lat' dir='ltr'><strong>est,</strong></span> 
     </span>
     <span class='ocr_line' id='line_1_17' title="bbox 221 2285 1496 2343; baseline 0.002 -16"><span class='ocrx_word' id='word_1_117' title='bbox 221 2288 286 2343; x_wconf 89' lang='lat' dir='ltr'><strong>qui</strong></span> <span class='ocrx_word' id='word_1_118' title='bbox 313 2286 478 2328; x_wconf 89' lang='lat' dir='ltr'><strong>nesciat.</strong></span> <span class='ocrx_word' id='word_1_119' title='bbox 539 2285 602 2328; x_wconf 87' lang='lat' dir='ltr'><strong>Ita</strong></span> <span class='ocrx_word' id='word_1_120' title='bbox 636 2287 779 2328; x_wconf 87' lang='lat' dir='ltr'><strong>factum</strong></span> <span class='ocrx_word' id='word_1_121' title='bbox 818 2294 893 2340; x_wconf 86' lang='lat' dir='ltr'><strong>est,</strong></span> <span class='ocrx_word' id='word_1_122' title='bbox 925 2294 970 2329; x_wconf 93' lang='lat' dir='ltr'><strong>ut</strong></span> <span class='ocrx_word' id='word_1_123' title='bbox 996 2294 1084 2343; x_wconf 88' lang='lat' dir='ltr'><strong>post</strong></span> <span class='ocrx_word' id='word_1_124' title='bbox 1105 2286 1310 2330; x_wconf 87' lang='lat' dir='ltr'><strong>Francisci</strong></span> <span class='ocrx_word' id='word_1_125' title='bbox 1335 2285 1496 2329; x_wconf 79' lang='lat' dir='ltr'><strong>Dousae</strong></span> 
     </span>
     <span class='ocr_line' id='line_1_18' title="bbox 222 2362 1498 2422; baseline 0.001 -14"><span class='ocrx_word' id='word_1_126' title='bbox 222 2380 338 2408; x_wconf 91' lang='lat' dir='ltr'><strong>curas</strong></span> <span class='ocrx_word' id='word_1_127' title='bbox 362 2379 477 2407; x_wconf 91' lang='lat' dir='ltr'><strong>nemo</strong></span> <span class='ocrx_word' id='word_1_128' title='bbox 505 2362 651 2406; x_wconf 92' lang='lat' dir='ltr'><strong>Lucilii</strong></span> <span class='ocrx_word' id='word_1_129' title='bbox 684 2365 903 2420; x_wconf 84' lang='lat' dir='ltr'><strong>fragmenta</strong></span> <span class='ocrx_word' id='word_1_130' title='bbox 937 2366 1148 2409; x_wconf 85' lang='lat' dir='ltr'><strong>illustaret.</strong></span> <span class='ocrx_word' id='word_1_131' title='bbox 1208 2364 1303 2409; x_wconf 92' lang='lat' dir='ltr'><strong>Non</strong></span> <span class='ocrx_word' id='word_1_132' title='bbox 1335 2366 1498 2422; x_wconf 84' lang='lat' dir='ltr'><strong>indigna</strong></span> 
     </span>
     <span class='ocr_line' id='line_1_19' title="bbox 222 2442 1497 2500; baseline 0 -14"><span class='ocrx_word' id='word_1_133' title='bbox 222 2451 354 2486; x_wconf 87' lang='lat' dir='ltr'><strong>autem</strong></span> <span class='ocrx_word' id='word_1_134' title='bbox 388 2449 480 2484; x_wconf 89' lang='lat' dir='ltr'><strong>sunt</strong></span> <span class='ocrx_word' id='word_1_135' title='bbox 513 2442 628 2484; x_wconf 91' lang='lat' dir='ltr'><strong>huius</strong></span> <span class='ocrx_word' id='word_1_136' title='bbox 656 2449 794 2500; x_wconf 88' lang='lat' dir='ltr'><strong>poetae</strong></span> <span class='ocrx_word' id='word_1_137' title='bbox 821 2443 1057 2500; x_wconf 84' lang='lat' dir='ltr'><strong>fragmenta,</strong></span> <span class='ocrx_word' id='word_1_138' title='bbox 1094 2456 1193 2498; x_wconf 86' lang='lat' dir='ltr'><strong>quae</strong></span> <span class='ocrx_word' id='word_1_139' title='bbox 1221 2457 1245 2484; x_wconf 87' lang='lat' dir='ltr'><strong>a</strong></span> <span class='ocrx_word' id='word_1_140' title='bbox 1269 2443 1357 2486; x_wconf 87' lang='lat' dir='ltr'><strong>viro</strong></span> <span class='ocrx_word' id='word_1_141' title='bbox 1384 2444 1497 2487; x_wconf 91' lang='lat' dir='ltr'><strong>docto</strong></span> 
     </span>
     <span class='ocr_line' id='line_1_20' title="bbox 221 2520 1498 2578; baseline 0.002 -17"><span class='ocrx_word' id='word_1_142' title='bbox 221 2521 364 2562; x_wconf 87' lang='lat' dir='ltr'><strong>iterum</strong></span> <span class='ocrx_word' id='word_1_143' title='bbox 393 2521 629 2574; x_wconf 86' lang='lat' dir='ltr'><strong>colligantur</strong></span> <span class='ocrx_word' id='word_1_144' title='bbox 656 2529 696 2561; x_wconf 88' lang='lat' dir='ltr'><strong>et</strong></span> <span class='ocrx_word' id='word_1_145' title='bbox 721 2522 999 2577; x_wconf 81' lang='lat' dir='ltr'><strong>explanentur.</strong></span> <span class='ocrx_word' id='word_1_146' title='bbox 1061 2520 1221 2563; x_wconf 87' lang='lat' dir='ltr'><strong>Interim</strong></span> <span class='ocrx_word' id='word_1_147' title='bbox 1249 2537 1324 2578; x_wconf 85' lang='lat' dir='ltr'><strong>ego</strong></span> <span class='ocrx_word' id='word_1_148' title='bbox 1354 2525 1426 2564; x_wconf 84' lang='lat' dir='ltr'><strong>hoc-</strong></span> <span class='ocrx_word' id='word_1_149' title='bbox 1455 2525 1498 2564; x_wconf 86' lang='lat' dir='ltr'><strong>li-</strong></span> 
     </span>
    </p>
   </div>
   <div class='ocr_carea' id='block_1_3' title="bbox 1280 2611 1290 2642">
    <p class='ocr_par' dir='ltr' id='par_1_3' title="bbox 1280 2611 1290 2642">
     <span class='ocr_line' id='line_1_21' title="bbox 1280 2611 1290 2642; baseline 0 0"><span class='ocrx_word' id='word_1_150' title='bbox 1280 2611 1290 2642; x_wconf 89' lang='lat'>1</span> 
     </span>
    </p>
   </div>
  </div>
 </body>
</html>
